<record><leader>00000cas a22000007a 4500</leader><controlfield tag="001">9274290</controlfield><controlfield tag="008">830303d18251826mauwr ne      0    0eng d</controlfield><datafield ind1=" " ind2=" " tag="010"><subfield code="a">sn 83020150 </subfield></datafield><datafield ind1=" " ind2=" " tag="040"><subfield code="a">NPX</subfield><subfield code="b">eng</subfield><subfield code="c">NPX</subfield><subfield code="d">OCLCQ</subfield></datafield><datafield ind1=" " ind2=" " tag="042"><subfield code="a">msc</subfield></datafield><datafield ind1=" " ind2=" " tag="043"><subfield code="a">n-us-ma</subfield></datafield><datafield ind1="0" ind2=" " tag="130"><subfield code="a">Norfolk gazette and manufacturer's advocate (1825)</subfield></datafield><datafield ind1="1" ind2="0" tag="245"><subfield code="a">Norfolk gazette and manufacturer's advocate.</subfield></datafield><datafield ind1=" " ind2=" " tag="260"><subfield code="a">Roxbury, Mass. :</subfield><subfield code="b">Allen &amp; Watts</subfield></datafield><datafield ind1=" " ind2=" " tag="300"><subfield code="a">v. ;</subfield><subfield code="c">52 cm.</subfield></datafield><datafield ind1=" " ind2=" " tag="310"><subfield code="a">Weekly</subfield></datafield><datafield ind1="1" ind2=" " tag="362"><subfield code="a">Began with Mar. 31, 1825 issue; ceased in Mar. 1826.</subfield><subfield code="z">Cf. Ms. notes (anon.) filed with newspaper, American Antiquarian Society.</subfield></datafield><datafield ind1=" " ind2=" " tag="500"><subfield code="a">Editors: Allen &amp; Watts, &lt;1825&gt;.</subfield></datafield><datafield ind1=" " ind2=" " tag="588"><subfield code="a">Description based on: Apr. 28, 1825.</subfield></datafield><datafield ind1="1" ind2=" " tag="700"><subfield code="a">Watts, Thomas.</subfield></datafield><datafield ind1=" " ind2=" " tag="752"><subfield code="a">United States</subfield><subfield code="b">Massachusetts</subfield><subfield code="c">Suffolk</subfield><subfield code="d">Roxbury.</subfield></datafield><datafield ind1="0" ind2="0" tag="780"><subfield code="t">Norfolk gazette and manufacturer's advocate (1824)</subfield></datafield><datafield ind1="0" ind2="0" tag="785"><subfield code="t">Norfolk County gazette and manufacturer's advocate</subfield></datafield><datafield ind1="1" ind2=" " tag="029"><subfield code="a">AU@</subfield><subfield code="b">000025788190</subfield></datafield></record>